@misc{raspberrypi_imager,
  author       = {Raspberry Pi Foundation},
  title        = {Raspberry Pi Imager},
  year         = {n.d.},
  howpublished = {\url{https://www.raspberrypi.com/software/}},
  note         = {Zugriff am 08.12.2024}
}

@misc{vnc_viewer_download,
  author       = {RealVNC},
  title        = {VNC Viewer Download},
  year         = {n.d.},
  howpublished = {\url{https://www.realvnc.com/connect/download/viewer/}},
  note         = {Zugriff am 08.12.2024}
}

@misc{nextcloud_releases,
  author       = {Nextcloud},
  title        = {Nextcloud Releases},
  year         = {n.d.},
  howpublished = {\url{https://download.nextcloud.com/server/releases/}},
  note         = {Zugriff am 08.12.2024}
}

@misc{mariadb_secure_installation,
  author       = {Debian},
  title        = {MariaDB Secure Installation Guide},
  year         = {n.d.},
  howpublished = {\url{https://mariadb.com/kb/en/mysql_secure_installation/}},
  note         = {Zugriff am 08.12.2024}
}

@misc{seaborn_titanic_dataset,
  author       = {Seaborn Library},
  title        = {Load Titanic Dataset},
  year         = {n.d.},
  howpublished = {\url{https://seaborn.pydata.org/generated/seaborn.load_dataset.html}},
  note         = {Zugriff am 08.12.2024}
}

@misc{raspberry_pi_tutorial,
  author       = {YouTube},
  title        = {Raspberry Pi Beginner Tutorial},
  year         = {n.d.},
  howpublished = {\url{https://www.youtube.com/watch?v=6vJeDlffCAQ}},
  note         = {Zugriff am 08.12.2024}
}

@misc{nextcloud_installation_tutorial,
  author       = {YouTube},
  title        = {Nextcloud Installation Tutorial},
  year         = {n.d.},
  howpublished = {\url{https://www.youtube.com/watch?v=QUl5ID4YKfw}},
  note         = {Zugriff am 08.12.2024}
}

@misc{pexels_photo,
  author       = {Alessandro Oliverio},
  title        = {Foto von Alessandro Oliverio von Pexels},
  year         = {n.d.},
  howpublished = {\url{https://www.pexels.com/de-de/foto/silber-und-grun-leiterplatte-1472443/}},
  note         = {Zugriff am 08.12.2024}
}

